<record><leader>00000cas a22000007a 4500</leader><controlfield tag="001">18134042</controlfield><controlfield tag="008">880625c19269999iauwr ne      0    0eng d</controlfield><datafield ind1=" " ind2=" " tag="010"><subfield code="a">sn 88059748 </subfield></datafield><datafield ind1=" " ind2=" " tag="040"><subfield code="a">INP</subfield><subfield code="b">eng</subfield><subfield code="c">INP</subfield><subfield code="d">OCLCQ</subfield></datafield><datafield ind1=" " ind2=" " tag="042"><subfield code="a">msc</subfield></datafield><datafield ind1="0" ind2="4" tag="245"><subfield code="a">The Hinton progress.</subfield></datafield><datafield ind1=" " ind2=" " tag="260"><subfield code="a">Hinton, Iowa :</subfield><subfield code="b">E. Nurnberg</subfield></datafield><datafield ind1=" " ind2=" " tag="300"><subfield code="a">v.</subfield></datafield><datafield ind1=" " ind2=" " tag="310"><subfield code="a">Weekly</subfield></datafield><datafield ind1="1" ind2=" " tag="362"><subfield code="a">Began in 1926.</subfield></datafield><datafield ind1=" " ind2=" " tag="515"><subfield code="a">Vol. 61, no. 42 &amp; 43 (Sept. 3 &amp; 10, 1987) and v. 62, no. 26 &amp; 27 (May 12 and 19, 1988) issued in combined form.</subfield></datafield><datafield ind1=" " ind2=" " tag="588"><subfield code="a">Description based on: Vol. 61, no. 42 &amp; 43 (Sept. 3 &amp; 10, 1987).</subfield></datafield><datafield ind1=" " ind2=" " tag="752"><subfield code="a">United States</subfield><subfield code="b">Iowa</subfield><subfield code="c">Plymouth</subfield><subfield code="d">Hinton.</subfield></datafield></record>